@article{Risius2017,
    title = {{A Blockchain Research Framework: What We (donâ€™t) Know, Where We Go from Here, and How We Will Get There}},
    year = {2017},
    journal = {Business and Information Systems Engineering},
    author = {Risius, Marten and Spohrer, Kai},
    number = {6},
    pages = {385--409},
    volume = {59},
    publisher = {Springer Fachmedien Wiesbaden},
    url = {https://doi.org/10.1007/s12599-017-0506-0},
    doi = {10.1007/s12599-017-0506-0},
    issn = {18670202},
    keywords = {Blockchain, Digitalization, Distributed ledger technology, Literature review, Research framework}
}

@article{Mazzei2020,
    title = {{A Blockchain Tokenizer for Industrial IOT trustless applications}},
    year = {2020},
    journal = {Future Generation Computer Systems},
    author = {Mazzei, Daniele and Baldi, Giacomo and Fantoni, Gualtiero and Montelisciani, Gabriele and Pitasi, Antonio and Ricci, Laura and Rizzello, Lorenzo},
    pages = {432--445},
    volume = {105},
    publisher = {Elsevier B.V.},
    url = {https://doi.org/10.1016/j.future.2019.12.020},
    doi = {10.1016/j.future.2019.12.020},
    issn = {0167739X},
    keywords = {Blockchain, Ethereum, Industrial IOT, Industry 4.0, Smart contract, Supply chain}
}

@article{Sengupta2020,
    title = {{A Comprehensive Survey on Attacks, Security Issues and Blockchain Solutions for IoT and IIoT}},
    year = {2020},
    journal = {Journal of Network and Computer Applications},
    author = {Sengupta, Jayasree and Ruj, Sushmita and Das Bit, Sipra},
    number = {September 2019},
    pages = {102481},
    volume = {149},
    publisher = {Elsevier Ltd},
    url = {https://doi.org/10.1016/j.jnca.2019.102481},
    doi = {10.1016/j.jnca.2019.102481},
    issn = {10958592},
    keywords = {Blockchain, E-Healthcare, IIoT, Privacy, Security, Smart Factory, Smart Grid, Supply Chain, VANET}
}